<?xml version="1.0" encoding="UTF-8"?><collection xmlns="http://www.loc.gov/MARC21/slim"><record><leader>00357nam--2200121-i-4500</leader><controlfield tag="001">000002017</controlfield><controlfield tag="002">20161230</controlfield><controlfield tag="005">20161230201024</controlfield><controlfield tag="008">060222s1000------------r-----000-0-eng-d</controlfield><datafield ind1=" " ind2=" " tag="100"><subfield code="a">Francombe, M.H</subfield></datafield><datafield ind1=" " ind2=" " tag="245"><subfield code="a">Structure-cell data and expansion coefficeints of bismuth telluride</subfield></datafield><datafield ind1=" " ind2=" " tag="260"><subfield code="a">Reprinted From British Journal Of Applied Physics. 1958</subfield></datafield><datafield ind1=" " ind2=" " tag="852"><subfield code="a">5697</subfield></datafield></record></collection>